<?xml version="1.0" encoding="UTF-8"?><collection xmlns="http://www.loc.gov/MARC21/slim"><record><leader>00618nam--2200181-i-4500</leader><controlfield tag="001">000047396</controlfield><controlfield tag="002">20161230</controlfield><controlfield tag="005">20161230201046</controlfield><controlfield tag="008">060222s1000------------r-----000-0-ger-d</controlfield><datafield ind1=" " ind2=" " tag="040"><subfield code="a">IFIN-HH</subfield></datafield><datafield ind1=" " ind2=" " tag="041"><subfield code="a">ger</subfield></datafield><datafield ind1=" " ind2=" " tag="080"><subfield code="a">533.951.8</subfield></datafield><datafield ind1="1" ind2=" " tag="100"><subfield code="a">Wilhelm, H.E</subfield></datafield><datafield ind1="1" ind2="0" tag="245"><subfield code="a">Zur stabilitat dissipativer plasmen. (teza de doctorat)</subfield><subfield code="b">von der Technischen Hochschule Stutgart zur Erlangung der Wurde eines Doktors der Naturwissenschaften (Dr. rer. nat.) genehmigte Abhandlund</subfield><subfield code="c">H.e. wilhelm</subfield></datafield><datafield ind1=" " ind2=" " tag="260"><subfield code="a">Stuttgart, Technische Hochschule, 1962,</subfield></datafield><datafield ind1=" " ind2=" " tag="300"><subfield code="a">70P</subfield></datafield><datafield ind1=" " ind2=" " tag="852"><subfield code="a">18367</subfield><subfield code="c">533.9</subfield></datafield><datafield ind1=" " ind2=" " tag="CAT"><subfield code="a">Sys</subfield><subfield code="c">20100922</subfield><subfield code="h">084042</subfield></datafield></record></collection>